% Copyright 1994 NEC Corporation, Tokyo, Japan.
%
% Permission to use, copy, modify, distribute and sell this software
% and its documentation for any purpose is hereby granted without
% fee, provided that the above copyright notice appear in all copies
% and that both that copyright notice and this permission notice
% appear in supporting documentation, and that the name of NEC
% Corporation not be used in advertising or publicity pertaining to
% distribution of the software without specific, written prior
% permission.  NEC Corporation makes no representations about the
% suitability of this software for any purpose.  It is provided "as
% is" without express or implied warranty.
%
% NEC CORPORATION DISCLAIMS ALL WARRANTIES WITH REGARD TO THIS SOFTWARE,
% INCLUDING ALL IMPLIED WARRANTIES OF MERCHANTABILITY AND FITNESS, IN 
% NO EVENT SHALL NEC CORPORATION BE LIABLE FOR ANY SPECIAL, INDIRECT OR
% CONSEQUENTIAL DAMAGES OR ANY DAMAGES WHATSOEVER RESULTING FROM LOSS OF 
% USE, DATA OR PROFITS, WHETHER IN AN ACTION OF CONTRACT, NEGLIGENCE OR 
% OTHER TORTUOUS ACTION, ARISING OUT OF OR IN CONNECTION WITH THE USE OR 
% PERFORMANCE OF THIS SOFTWARE. 
%
% $Id: canna.bib,v 1.13 1994/06/02 03:06:57 kuma Exp $

@ARTICLE{jusプログラム,
  AUTHOR = "坂本文",
  JOURNAL = {UNIXマガジン},
  YEAR = 1992,
  MONTH = 7,
  PAGES = 103,
  NOTE = "jus大会のプログラムに出ているだけ",
}

@INPROCEEDINGS{Canna22paper,
  AUTHOR = "今昭,菅井勝",
  TITLE = "日本語入力システム「かんな」",
  BOOKTITLE = "jus設立10周年記念UNIX国際シンポジウム論文集",
  YEAR = 1992,
  PAGES = "83--93",
  PUBLISHER = "jus日本UNIXユーザ会",
  MONTH = 7,
  NOTE = "『かんな』の最初の論文",
}

@ARTICLE{発表紹介,
  AUTHOR = "",
  TITLE = "jus設立10周年記念UNIX国際シンポジウム",
  JOURNAL = {UNIXマガジン},
  YEAR = 1992,
  MONTH = 9,
  PAGES = 22,
  NOTE = "jusでの発表の様子の紹介記事中に出てくる",
}

@ARTICLE{赤ちゃんの名前,
  AUTHOR = "坂本文(Aya Sakamoto)",
  TITLE = "UNIXへの招待",
  JOURNAL = {UNIXマガジン},
  YEAR = 1992,
  MONTH = 11,
  PAGES = 157,
  NOTE = "赤ちゃんの名前として「かんな」を提案した話が出る",
}

@ARTICLE{徒然草,
  AUTHOR = "浅野理森(Tadamori Asano)",
  TITLE = "第6回ワークステーション徒然草〜EWS4800編〜日本語入力環境かんな",
  JOURNAL = {Software Design},
  YEAR = 1992,
  MONTH = 11,
  PAGES = "62--69",
  NOTE = "松茸風カスタマイズサンプル付き",
}

@ARTICLE{386BSD,
  AUTHOR = "増田佳泰",
  TITLE = "386BSD第5回386BSDで日本語を使おう",
  JOURNAL = {スーパーアスキー},
  YEAR = 1993,
  MONTH = 4,
  PAGES = "81--84",
  NOTE = "386BSD で日本語入力として『かんな』を用いる紹介記事",
}

@ARTICLE{Nemacs,
  AUTHOR = "荒井美千子(Michiko Arai)",
  TITLE = "Nemacs入門17",
  JOURNAL = {UNIXマガジン},
  YEAR = 1993,
  MONTH = 5,
  PAGES = 104,
  NOTE = "Nemacsで使うかな漢字変換の比較記事で対象になった",
}

@ARTICLE{beta3,
  AUTHOR = "浅野理森(Tadamori Asano)",
  TITLE = "最新！日本語環境にチャレンジ1",
  JOURNAL = {Software Design},
  YEAR = 1993,
  MONTH = 6,
  PAGES = "49--54",
  NOTE = "『かんな』のβ3の紹介記事",
}

@ARTICLE{SOMOSAN,
  AUTHOR = "柴田みゆき(Miyuki Shibata)",
  TITLE = "最新！日本語環境にチャレンジ2",
  JOURNAL = {Software Design},
  YEAR = 1993,
  MONTH = 6,
  PAGES = 63,
  NOTE = "「フリーのものはメンテがない」例としてポイントされている",
}

@ARTICLE{UnixWare,
  AUTHOR = "永栄宏安(Hiroyasu Nagae)",
  TITLE = "UnixWare",
  JOURNAL = {Software Design},
  YEAR = 1993,
  MONTH = 6,
  PAGES = "112",
  NOTE = "UnixWareにSDKさえあればかな漢字変換が作れるねで、ちょっと出て来る",
}

@ARTICLE{Canna22,
  AUTHOR = "みるく",
  TITLE = "NetNews便り",
  JOURNAL = {UNIXマガジン},
  YEAR = 1993,
  MONTH = 7,
  PAGES = 120,
  NOTE = "『かんな』2.2 の投稿記事の客観的報告",
}

@ARTICLE{岩波辞書,
  AUTHOR = "",
  TITLE = "岩波版かんな辞書",
  JOURNAL = {UNIXマガジン},
  YEAR = 1993,
  MONTH = 8,
  PAGES = 2,
  NOTE = "岩波版かんな辞書の出荷ニュース",
}

@ARTICLE{diclookup.el,
  AUTHOR = "みるく",
  TITLE = "NetNews便り",
  JOURNAL = {UNIXマガジン},
  YEAR = 1993,
  MONTH = 8,
  PAGES = 133,
  NOTE = "diclookup.elのCanna 2.2対応が fj.sources に出たと言う記事",
}

@ARTICLE{IXI,
  AUTHOR = "",
  TITLE = "SPARC用日本語OSF/Motif",
  JOURNAL = {UNIXマガジン},
  YEAR = 1993,
  MONTH = 4,
  PAGES = 3,
  NOTE = "Sparc用Motifの出荷記事。『かんな』もバンドル",
}

@ARTICLE{386BSD,
  AUTHOR = "古場 正行",
  TITLE = "386BSD 第9回 Canna Ver.2.2 を使おう",
  JOURNAL = {スーパーアスキー},
  YEAR = 1993,
  MONTH = 8,
  PAGES = "84--85",
  NOTE = "386BSD への『かんな』のインストールと活用方法を紹介した記事",
}

@ARTICLE{YaCaN_9309,
  AUTHOR = "すずきひろのぶ",
  TITLE = "NeXTのもう１つの日本語入力システムYaCaN",
  JOURNAL = {トラ技コンピュータ},
  YEAR = 1993,
  MONTH = 9,
  PAGES = "11 -- 12",
  PUBLISHER= "CQ出版",
  NOTE = "NeXTSTEP上での『かんな』クライアントYaCaNについての紹介"
}

@INBOOK{入門XWindow,
  AUTHOR = "松田 晃一 and 暦本 純一",
  TITLE = "入門 X Window",
  PUBLISHER = "アスキー出版局",
  YEAR	= 1993,
  PAGES = "76--78",
  NOTE 	= "3章 日本語環境/ 3.3 kinput2/ 3.3.1 canna"
}

@ARTICLE{PANIX,
  AUTHOR = "今井 慈郎",
  TITLE = "PANIX",
  JOURNAL = {Software Design},
  YEAR = 1993,
  MONTH = 10,
  PAGES = "62--63",
  NOTE = "PANIX のフリーソフトの紹介でちょっと載っていた",
}

@INBOOK{IPA,
  AUTHOR = "情報処理振興事業協会 and 株式会社 三菱総合研究所",
  TITLE = "高度情報処理技術選択教材ウィンドウシステム テキスト",
  PUBLISHER = "リックテレコム",
  YEAR	= 1993,
  PAGES = "99--102",
  NOTE 	= "EWS4800の日本語入力のしかたで出てくる"
}

@ARTICLE{BOOKREVIEW,
  AUTHOR = "柏木伸一郎",
  TITLE	= "BOOKREVIEW,「GNU Emacs」",
  JOURNAL = {UNIX USER},
  YEAR 	= 1994,
  MONTH	= 2,
  PAGES	= "152-153",
  NOTE	= "本文に Canna について書かれていないのが残念と書いてある",
}

@ARTICLE{Canna22,
  AUTHOR = "なかむら・おさむ 慶応義塾大学",
  TITLE = "NetNews",
  JOURNAL = {UNIXマガジン},
  YEAR 	= 1994,
  MONTH = 2,
  PAGES = 55,
  NOTE 	= "次回、Canna のインストールに挑戦しようと書いてあるだけ",
}

@ARTICLE{CannaVersion2.2patch4,
  AUTHOR = "みるく",
  TITLE = "NetNews",
  JOURNAL = {UNIXマガジン},
  YEAR = 1994,
  MONTH = 2,
  PAGES = 130,
  NOTE = "fj.sources に Canna version 2.2 patch 4 が出ましたという記事",
}

@ARTICLE{バーチャル・ワークスペース,
  AUTHOR = "",
  TITLE = "News"
  JOURNAL = {UNIXマガジン},
  YEAR = 1994,
  MONTH = 2,
  PAGES = 4,
  NOTE = "日本語入力の仕様として cannaサーバー が載っている"
}

@ARTICLE{日本語環境(4),
  AUTHOR = "中村 修",
  TITLE = "BSD/386",
  JOURNAL = {UNIXマガジン},
  YEAR = 1994,
  MONTH = 3,
  PAGES = "50--55",
  NOTE = "『かんな』のインストールの仕方について",
}

@ARTICLE{UNIXのGraphicalUserInterface,
  AUTHOR = "民田 雅人"
  TITLE	= "日本語入力フロントエンド Kinput2 の SJ3 モード"
  JOURNAL = {UNIX USER},
  YEAR 	= 1994,
  MONTH	= 3,
  PAGES	= "136-141"
  NOTE	= "タイトルと違って、内容はほとんど Canna について書かれている"
}

@ARTICLE{Canna22パッチレベル4,
  AUTHOR = "白崎 博生",
  TITLE = "AIXで使うフリー・ソフトウェアCanna22パッチレベル4",
  JOURNAL = {UNIXマガジン},
  YEAR = 1994,
  MONTH = 6,
  PAGES = "112",
  NOTE = "フリーソフトとしての紹介",
}

@ARTICLE{dp/NOTE,
  AUTHOR = "",
  TITLE = "NEWS",
  JOURNAL = {UNIXマガジン},
  YEAR = 1994,
  MONTH = 6,
  PAGES = "11",
  NOTE = "UNIX用日本語ワープロ・ソフトウェア製品の紹介",
}

